<?xml version='1.0' encoding='UTF-8'?>
<record xmlns="http://www.loc.gov/MARC21/slim">
  <leader>01046cam a2200205 a 4500</leader>
  <controlfield tag="001">2842438</controlfield>
  <controlfield tag="003">NjP</controlfield>
  <controlfield tag="005">20171020174353.0</controlfield>
  <controlfield tag="008">000306s1934    mr            000 0 ara d</controlfield>
  <datafield tag="024" ind1="7" ind2=" ">
    <subfield code="a">princeton_aco002588</subfield>
    <subfield code="2">local</subfield>
  </datafield>
  <datafield ind1=" " ind2=" " tag="035">
    <subfield code="9">CNS6173TS</subfield>
  </datafield>
  <datafield ind1=" " ind2=" " tag="040">
    <subfield code="a">NjP</subfield>
    <subfield code="c">NjP</subfield>
  </datafield>
  <datafield ind1="1" ind2=" " tag="100">
    <subfield code="a">ʻAlamī, Maḥammad bin Muḥammad,</subfield>
    <subfield code="d">1875 or 1876-1953 or 1954.</subfield>
    <subfield code="0">http://id.loc.gov/authorities/names/no00007982</subfield>
  </datafield>
  <datafield ind1="1" ind2="0" tag="245">
    <subfield code="a">Taqrīb al-baʻīd min al-Jāmiʻ al-mufīd ʻalá uṣūl al-rāṣid al-jadīd fī ḥisāb al-khusūf wa-al-kusūf wa-ruʼyat al-ahillah /</subfield>
    <subfield code="c">taʼlīf Abī ʻAbd Allāh Maḥammad bin Muḥammad al-ʻAlamī. Wa-bi-hāmishihi al-Jāmiʻ al-madhkūr.</subfield>
  </datafield>
  <datafield ind1=" " ind2=" " tag="260">
    <subfield code="a">[Morocco] :</subfield>
    <subfield code="b">M.b.M. al-ʻAlamī,</subfield>
    <subfield code="c">1353 [1934]</subfield>
  </datafield>
  <datafield ind1=" " ind2=" " tag="300">
    <subfield code="a">160, 8 p. ;</subfield>
    <subfield code="c">24 cm.</subfield>
  </datafield>
  <datafield ind1=" " ind2="0" tag="650">
    <subfield code="a">Astronomy, Arab.</subfield>
    <subfield code="0">http://id.loc.gov/authorities/subjects/sh85009014</subfield>
  </datafield>
  <datafield ind1=" " ind2="7" tag="655">
    <subfield code="a">Lithographs</subfield>
    <subfield code="z">Morocco</subfield>
    <subfield code="y">1934</subfield>
    <subfield code="2">gmgpc</subfield>
  </datafield>
  <datafield ind1="0" ind2=" " tag="730">
    <subfield code="a">Jāmiʻ al-mufīd ʻalá uṣūl al-rāṣid al-jadīd fī ḥisāb al-khusūf wa-al-kusūf wa-ruʼyat al-ahillah.</subfield>
  </datafield>
  <datafield ind1=" " ind2=" " tag="948">
    <subfield code="a">jeb</subfield>
  </datafield>
  <datafield ind1=" " ind2=" " tag="911">
    <subfield code="a">20000306</subfield>
  </datafield>
  <datafield ind1=" " ind2=" " tag="912">
    <subfield code="a">20000306043735.0</subfield>
  </datafield>
  <datafield ind1="0" ind2="0" tag="852">
    <subfield code="0">3155153</subfield>
    <subfield code="b">nec</subfield>
    <subfield code="t">1</subfield>
    <subfield code="h">QB23</subfield>
    <subfield code="i">.A425 1934</subfield>
  </datafield>
  <datafield ind1=" " ind2=" " tag="959">
    <subfield code="a">2000-06-13 00:00:00 -0500</subfield>
  </datafield>
</record>
